@article{systematic,
  author    = {Brenden M. Lake and
               Marco Baroni},
  title     = {Still not systematic after all these years: On the compositional skills
               of sequence-to-sequence recurrent networks},
  journal   = {CoRR},
  volume    = {abs/1711.00350},
  year      = {2017},
  url       = {http://arxiv.org/abs/1711.00350},
  archivePrefix = {arXiv},
  eprint    = {1711.00350},
}


