@article{lexrank,
    author = {Dragomir R. Radev},
    title = {LexRank: Graph-based lexical centrality as salience in text summarization},
    journal = {Journal of Artificial Intelligence Research},
    year = {2004},
    pages = {457--479}
}


@inproceedings{anatomy,
    author = {Sergey Brin and Lawrence Page},
    title = {The Anatomy of a Large-Scale Hypertextual Web Search Engine},
    booktitle = {COMPUTER NETWORKS AND ISDN SYSTEMS},
    year = {1998},
    pages = {107--117},
    publisher = {Elsevier Science Publishers B. V.}
}


@misc{pagerank,
    author = {Lawrence Page and Sergey Brin and Rajeev Motwani and Terry Winograd},
    title = {The PageRank Citation Ranking: Bringing Order to the Web},
    year = {1999}
}


@inproceedings{rouge,
    author = {Chin-yew Lin},
    title = {Rouge: a package for automatic evaluation of summaries},
    year = {2004},
}


@article{textrank,
author = {Mihalcea, Rada and , Rada and Tarau, Paul and , Paul},
year = {2004},
title = {TextRank: Bringing Order into Texts}
}


@article{argentina,
  author    = {Federico Barrios and
               Federico L{\'{o}}pez and
               Luis Argerich and
               Rosa Wachenchauzer},
  title     = {Variations of the Similarity Function of TextRank for Automated Summarization},
  journal   = {CoRR},
  volume    = {abs/1602.03606},
  year      = {2016},
  url       = {http://arxiv.org/abs/1602.03606},
  archivePrefix = {arXiv},
  eprint    = {1602.03606},
}



